@online{Shirley2024RTW1,
   title = {Ray Tracing in One Weekend},
   author = {Peter Shirley, Trevor David Black, Steve Hollasch},
   year = {2024},
   month = {April},
   url = {https://raytracing.github.io/books/RayTracingInOneWeekend.html}
}
